% This file was created with JabRef 2.6.
% Encoding: Cp1252

@ARTICLE{Abl:56,
  author = {B.C. Able},
  title = {Nombre del artículo},
  journal = {Nombre de la revista},
  year = {1956},
  volume = {135},
  pages = {7--9},
  doi = {10.3923/ijbc.2010.190.202}
}

@ARTICLE{Abl:45,
  author = {B.C. Able},
  title = {Nombre del artículo},
  journal = {Nombre de la revista},
  year = {1945},
  volume = {35},
  pages = {123--126},
  doi = {10.3923/ijbc.2010.190.202}
}

@BOOK{Bak:63a,
  publisher = {Nombre de la editorial},
  year = {1963},
  author = {R.C. Baker},
  address = {Lugar de publicación},
  booktitle = {Título del libro}
}

@ARTICLE{Bak:63b,
  author = {R.C. Baker},
  title = {Nombre del artículo},
  journal = {Nombre de la revista},
  year = {1963},
  volume = {34},
  pages = {184--186},
  doi = {10.3923/ijbc.2010.190.202}
}

@ARTICLE{ChaRou:66,
  author = {F.H. Charlie and M.B. Routh},
  title = {Nombre del artículo},
  journal = {Nombre de la revista},
  year = {1966},
  volume = {66},
  pages = {267--269},
  doi = {10.3923/ijbc.2010.190.202}
}

@INCOLLECTION{Dog:58,
  author = {P.R. Dog},
  booktitle = {Título del libro},
  publisher = {Nombre de la editorial},
  year = {1958},
  editor = {Editor},
  volume = {II},
  chapter = {7},
  pages = {56--98},
  address = {Lugar de publicación}
}

@BOOK{Garcia:2004,
  title = {Nombre del libro},
  publisher = {Editorial},
  year = {2007},
  author = {F.J. García, M. Vallés},
  address = {Lugar de publicación}
}

@BOOK{Garcia:2007,
  title = {Nombre del libro},
  publisher = {Editorial},
  year = {2007},
  author = {F.J. García},
  address = {Lugar de publicación}
}

@ARTICLE{Garcia:2008,
  author = {F.J. García and R. Martínez},
  title = {Nombre del artículo},
  journal = {Nombre de la revista},
  year = {2008},
  volume = {número},
  pages = {{}números de página},
  doi = {10.3923/ijbc.2010.190.202}
}

@BOOK{AbTaRu:54,
  publisher = {Nombre de la editorial},
  year = {1999},
  author = {J.L. Sanchez, J. Gracia},
  address = {Lugar de publicación},
  booktitle = {Título del libro}
}

@BOOK{Keo:58,
  publisher = {Nombre editorial},
  year = {1958},
  author = {R. Keohane},
  address = {Lugar de publicación},
  booktitle = {Título del libro}
}

@ARTICLE{Pow:85,
  author = {T. Powers},
  title = {Is there a way out?},
  journal = {Harpers},
  year = {1985},
  pages = {35--47},
  month = jun,
  doi = {10.3923/ijbc.2010.190.202}
}

@MISC{Sol:89,
  author = {Solo},
  year = {1989}
}

@BOOK{Heritage:92,
  publisher = {Nombre de la editorial},
  year = {1992},
  editor = {A. H. Soukhanov},
  booktitle = {Título del libro}
}